@book{szirtes2007applied,
  title={Applied dimensional analysis and modeling},
  author={Szirtes, Thomas},
  year={2007},
  publisher={Butterworth-Heinemann}
}

@book{santiago2019first,
  author         = {Juan G. Santiago},
  title          = {A First Course in Dimensional Analysis: Simplifying Complex Phenomena Using Physical Insight},
  publisher      = {MIT Press},
  year           = {2019}
}

@techreport{sonin2001dimensional,
  title={Dimensional analysis},
  author={Sonin, Ain A},
  year={2001},
  institution={Technical report, Massachusetts Institute of Technology},
  url={http://web.mit.edu/2.25/www/pdf/DA_unified.pdf}
}

@book{schetz1999fundamentals,
  title={Fundamentals of fluid mechanics},
  author={Schetz, Joseph A and Fuhs, Allen E},
  year={1999},
  publisher={John Wiley \& Sons}
}

@book{lemons2017student,
  title={A student's guide to dimensional analysis},
  author={Lemons, Don S},
  year={2017},
  publisher={Cambridge University Press}
}